<?xml version="1.0" encoding="UTF-8"?>
  <record xmlns="http://www.loc.gov/MARC21/slim" type="Authority">
    <leader>00000nz  a2200000oc 4500</leader>
    <controlfield tag="001">130682047</controlfield>
    <controlfield tag="003">DE-101</controlfield>
    <controlfield tag="005">20140219155027.0</controlfield>
    <controlfield tag="008">060106n||aznnnaabn           | aaa    |c</controlfield>
    <datafield tag="024" ind1="7" ind2=" ">
      <subfield code="a">130682047</subfield>
      <subfield code="0">http://d-nb.info/gnd/130682047</subfield>
      <subfield code="2">gnd</subfield>
    </datafield>
    <datafield tag="035" ind1=" " ind2=" ">
      <subfield code="a">(DE-101)130682047</subfield>
    </datafield>
    <datafield tag="035" ind1=" " ind2=" ">
      <subfield code="a">(DE-588)130682047</subfield>
    </datafield>
    <datafield tag="035" ind1=" " ind2=" ">
      <subfield code="z">(DE-588a)130682047</subfield>
      <subfield code="9">v:zg</subfield>
    </datafield>
    <datafield tag="040" ind1=" " ind2=" ">
      <subfield code="a">DE-547</subfield>
      <subfield code="c">DE-547</subfield>
      <subfield code="9">r:DE-601</subfield>
      <subfield code="b">ger</subfield>
      <subfield code="d">1210</subfield>
    </datafield>
    <datafield tag="042" ind1=" " ind2=" ">
      <subfield code="a">gnd3</subfield>
    </datafield>
    <datafield tag="075" ind1=" " ind2=" ">
      <subfield code="b">p</subfield>
      <subfield code="2">gndgen</subfield>
    </datafield>
    <datafield tag="075" ind1=" " ind2=" ">
      <subfield code="b">piz</subfield>
      <subfield code="2">gndspec</subfield>
    </datafield>
    <datafield tag="079" ind1=" " ind2=" ">
      <subfield code="a">g</subfield>
      <subfield code="q">a</subfield>
      <subfield code="q">f</subfield>
    </datafield>
    <datafield tag="100" ind1="1" ind2=" ">
      <subfield code="a">Söldner, Johann</subfield>
    </datafield>
    <datafield tag="548" ind1=" " ind2=" ">
      <subfield code="a">ca. 1637</subfield>
      <subfield code="4">datw</subfield>
      <subfield code="4">https://d-nb.info/standards/elementset/gnd#periodOfActivity</subfield>
      <subfield code="w">r</subfield>
      <subfield code="i">Wirkungsdaten</subfield>
    </datafield>
    <datafield tag="667" ind1=" " ind2=" ">
      <subfield code="a">VD-17</subfield>
    </datafield>
    <datafield tag="672" ind1=" " ind2="0">
      <subfield code="a">Ferdinand &lt;Römisch-Deutsches Reich, Kaiser, III.&gt;: Wir Ferdinand der Dritte/ von Gottes gnaden/ Erwöhlter Römischer Kayser/ zu allen Zeiten mehrer deß Reichs/ in Germanien/ zu Hungarn/ Boheimb/ Dalmatien/ Croatien und Sclavonien/ ec. König/ Ertzhertzog zu Österreich ... Bekennen offentlich mit disem Brieff/ und thun kund jedermäniglich/ ... was massen in deme/ zwischen Weiland dem Allerdurchleutchtigsten Fürsten und Herrn/ Herrn Ferdinando dem Andern/ Römischen Kayser/ unserm ... Herrn und Vattern/ Hochstseligister Gedächtnuß/ mit dem Durchleuchtigen Hochgebornen/ Johann Georgen/ Hertzogen zu Sachsen/ Gülch/ Cleve und Berg/ Landgrafen in Düringen/ ... unserm liben Ohaimb und Churfürsten/ den dreissigsten Maji/ verwichenen sechzehenhundert/ fünff und dreissigisten Jahrs/ zu Prag auffgerichten/ und in das H. Röm. Reich publicirten Fridenschluß/ in allen und jeden Puncten/ belieben und annehmen  : ... Das mainen wir ernstlich/ Geben in unserer Statt Wien/ den vier und zwanzigisten Aprilis/ Anno Sechzehenhundert/ siben und dreissig/ unserer Reiche/ des Römischen ersten/ des Hungarischen im zwölfften/ und des Böheimbischen im zehenden.  / [Ferdinand. Vt. P. H. von Siralendorff. Ad Mandatum Sac. Caes. Majestatis proprium. Johann Söldner/D]. - [Wien], 1637</subfield>
    </datafield>
    <datafield tag="913" ind1=" " ind2=" ">
      <subfield code="S">pnd</subfield>
      <subfield code="i">a</subfield>
      <subfield code="a">Söldner, Johann</subfield>
      <subfield code="0">(DE-588a)130682047</subfield>
    </datafield>
  </record>
